<record><leader>00000cas a22000007a 4500</leader><controlfield tag="001">13499449</controlfield><controlfield tag="008">860426d19691969nvuwr ne      0    0eng d</controlfield><datafield ind1=" " ind2=" " tag="010"><subfield code="a">sn 86076095 </subfield></datafield><datafield ind1=" " ind2=" " tag="040"><subfield code="a">NNX</subfield><subfield code="b">eng</subfield><subfield code="c">NNX</subfield><subfield code="d">OCLCQ</subfield></datafield><datafield ind1=" " ind2=" " tag="042"><subfield code="a">msc</subfield></datafield><datafield ind1="0" ind2="0" tag="245"><subfield code="a">Virginia City times bonanza.</subfield></datafield><datafield ind1=" " ind2=" " tag="260"><subfield code="a">Virginia City, Nev. :</subfield><subfield code="b">D. Copp</subfield></datafield><datafield ind1=" " ind2=" " tag="300"><subfield code="a">1 v. :</subfield><subfield code="b">ill.</subfield></datafield><datafield ind1=" " ind2=" " tag="310"><subfield code="a">Weekly</subfield></datafield><datafield ind1="0" ind2=" " tag="362"><subfield code="a">-v. 1, no. 25 (Dec. 27, 1969).</subfield></datafield><datafield ind1="1" ind2=" " tag="362"><subfield code="a">Began with July 11, 1969 issue</subfield><subfield code="z">Cf. Lingenfelter, R. Newspapers of Nev., 1854-1979.</subfield></datafield><datafield ind1=" " ind2=" " tag="588"><subfield code="a">Description based on: Vol. 1, no. 5 (Aug. 8, 1969).</subfield></datafield><datafield ind1=" " ind2=" " tag="752"><subfield code="a">United States</subfield><subfield code="b">Nevada</subfield><subfield code="c">Storey</subfield><subfield code="d">Virginia City.</subfield></datafield><datafield ind1="1" ind2=" " tag="029"><subfield code="a">AU@</subfield><subfield code="b">000025804465</subfield></datafield></record>